@article{hsu2006topic,
  title={Topic-specific crawling on the web with the measurements of the relevancy context graph},
  author={Hsu, Ching-Chi and Wu, Fan},
  journal={Information Systems},
  volume={31},
  number={4},
  pages={232--246},
  year={2006},
  publisher={Elsevier}
}

