@article{banerjee.08,
author = "O. Banerjee and L. El Ghaoui and A. d'Aspremont",
title = "Model selection through sparse maximum likelihood estimation for multivariate Gaussian or binary data",
journal = "Journal of Machine Learning Research", 
volume = 9,
pages = "485--516",
year = 2008
}

@article{boyd.11,
author = "S. Boyd and N. Parikh and E. Chu and B. Peleato and J. Eckstein",
title = "Distributed optimization and statistical learning via the alternating direction method of multipliers",
journal = "Foundations and Trends in Machine Learning",
volume = 3,
number = 1,
pages = "1--122",
year = 2011
}

@book{doe.12,
author = "Various",
title = "Installed Wind Capacity",
publisher = "U.S. Department of Energy",
year = 2012,
note = "Available at: \url{http://www.windpoweringamerica.gov/wind_installed_capacity.asp}"
}
@inproceedings{wytock.12,
author = "M. Wytock and J. Z. Kolter",
title = "Sparse {G}aussian conditional random fields",
booktitle = "Workshop on log-linear models (NIPS 2012)",
year = 2012
}

